@misc{2016Natur,
       author = {{Silver}, David and {Huang}, Aja and {Maddison}, Chris J. and {Guez}, Arthur and {Sifre}},
        title = "{Mastering the game of Go with deep neural networks and tree search}",
      journal = {\nat},
         year = 2016,
        month = jan,
       volume = {529},
       number = {7587},
        pages = {484-489},
          doi = {10.1038/nature16961},
       adsurl = {https://ui.adsabs.harvard.edu/abs/2016Natur.529..484S},
      adsnote = {Provided by the SAO/NASA Astrophysics Data System}
}

@misc{Intro2019,
  title = {Introduction to Monte Carlo Tree Search: The Game-Changing Algorithm behind DeepMindâ€™s AlphaGo},
  year = {2019},
  month = jan,
  author = {Ankit Choudhary},
  url = {www.analyticsvidhya.com/blog/2019/01/monte-carlo-tree-search-introduction-algorithm-deepmind-alphago}
}

@article{DBLP2021,
  author    = {Maciej Swiechowski and
               Konrad Godlewski and
               Bartosz Sawicki and
               Jacek Mandziuk},
  title     = {Monte Carlo Tree Search: {A} Review of Recent Modifications and Applications},
  journal   = {CoRR},
  volume    = {abs/2103.04931},
  year      = {2021},
  url       = {https://arxiv.org/abs/2103.04931},
  eprinttype = {arXiv},
  eprint    = {2103.04931},
  timestamp = {Thu, 14 Oct 2021 09:14:46 +0200},
  biburl    = {https://dblp.org/rec/journals/corr/abs-2103-04931.bib},
  bibsource = {dblp computer science bibliography, https://dblp.org}
}

@InProceedings{mctsGo2008,
author="Chaslot, Guillaume M. J. -B.
and Winands, Mark H. M.
and van den Herik, H. Jaap",
title="Parallel Monte-Carlo Tree Search",
booktitle="Computers and Games",
year="2008",
publisher="Springer Berlin Heidelberg",
address="Berlin, Heidelberg",
pages="60--71",
isbn="978-3-540-87608-3"
}




